@BOOK{Gerthsen,
  title     = "{Gerthsen Physik}",
  author    = "Dieter Meschede and Christian Gerthsen",
  publisher = "Springer",
  series    = "Springer-Lehrbuch",
  edition   =  25,
  month     =  mar,
  year      =  2015,
  address   = "Berlin, Germany",
  language  = "de"
}
@article{IAC-08.E.1.1.4,
    author = "Ola Widell and Olle Norberg and Stig Kemi and Lennart Poromaa and Olle Persson and Andreas Stamminger and Peter Turner",
    title = "REXUS and BEXUS – a Swedish–German co-operation for University Student Experiments on Rockets and Balloons",
    journal = "International Astronautical Federation",
    year = 2008,
    url = "https://iafastro.directory/iac/archive/browse/IAC-08/E1/1/2302/"
}
@online{bexus-campaign-history,
    title = "{BEXUS Campaign History - Rexus/Bexus}",
    url = "https://rexusbexus.net/bexus/bexus-campaign-history/",
    urldate = "2025-02-26"
}
@ARTICLE{space-based-magnetometers-review,
       author = {{Acu{\~n}a}, Mario H.},
        title = "{Space-based magnetometers}",
      journal = {Review of Scientific Instruments},
     keywords = {07.55.Ge, 93.85.+q, 07.55.Jg, 07.87.+v, 01.30.Rr, 91.25.-r, Magnetometers for magnetic field measurements, Magnetometers for susceptibility magnetic moment and magnetization measurements, Spaceborne and space research instruments apparatus and components, Surveys and tutorial papers, resource letters, Geomagnetism and paleomagnetism, geoelectricity},
         year = 2002,
        month = nov,
       volume = {73},
       number = {11},
        pages = {3717-3736},
          doi = {10.1063/1.1510570},
       adsurl = {https://ui.adsabs.harvard.edu/abs/2002RScI...73.3717A},
      adsnote = {Provided by the SAO/NASA Astrophysics Data System}
}