@BOOK{Gerthsen,
  title     = "{Gerthsen Physik}",
  author    = "Dieter Meschede and Christian Gerthsen",
  publisher = "Springer",
  series    = "Springer-Lehrbuch",
  edition   =  25,
  month     =  mar,
  year      =  2015,
  address   = "Berlin, Germany",
  language  = "de"
}